@Online{siunitx,
  title = "siunitx -- A comprehensive (SI) units package",
  url   = "http://www.ctan.org/tex-archive/macros/latex/contrib/siunitx"
}
