@Online{biblatex,
  title = "biblatex -- Bibliographies in \LaTeX\ using \textsc{Bib}\TeX\ for sorting only",
  url = "http://www.ctan.org/pkg/biblatex"
}
